<?xml version="1.0" encoding="UTF-8"?>
<record xmlns="http://www.loc.gov/MARC21/slim">
   <leader>01042cam a2200277 a 4500</leader>
   <controlfield tag="001">2514839</controlfield>
   <controlfield tag="005">19920818145600.0</controlfield>
   <controlfield tag="008">910927s1991    abc               0 eng u</controlfield>
   <datafield tag="035" ind1=" " ind2=" ">
      <subfield code="a">ocm23837012</subfield>
   </datafield>
   <datafield tag="040" ind1=" " ind2=" ">
      <subfield code="b">eng</subfield>
   </datafield>
   <datafield tag="043" ind1=" " ind2=" ">
      <subfield code="a">n-cn-ab</subfield>
   </datafield>
   <datafield tag="090" ind1=" " ind2=" ">
      <subfield code="a">RA/790.7/.C2/M472</subfield>
      <subfield code="b">GPRC</subfield>
   </datafield>
   <datafield tag="240" ind1="0" ind2="0">
      <subfield code="a">Mental health in northern Alberta :</subfield>
      <subfield code="b">addressing the issues, position paper.</subfield>
   </datafield>
   <datafield tag="245" ind1="0" ind2="0">
      <subfield code="a">Mental health in northern Alberta :</subfield>
      <subfield code="b">addressing the issues, position paper.</subfield>
   </datafield>
   <datafield tag="260" ind1=" " ind2=" ">
      <subfield code="a">Peace River, Alta. :</subfield>
      <subfield code="b">Northern Alberta Development Council,</subfield>
      <subfield code="c">1991</subfield>
   </datafield>
   <datafield tag="300" ind1=" " ind2=" ">
      <subfield code="a">13 p. :</subfield>
      <subfield code="b">ill., map ;</subfield>
      <subfield code="c">28 cm.</subfield>
   </datafield>
   <datafield tag="336" ind1=" " ind2=" ">
      <subfield code="a">text</subfield>
      <subfield code="b">txt</subfield>
      <subfield code="2">rdacontent</subfield>
   </datafield>
   <datafield tag="337" ind1=" " ind2=" ">
      <subfield code="a">unmediated</subfield>
      <subfield code="b">n</subfield>
      <subfield code="2">rdamedia</subfield>
   </datafield>
   <datafield tag="338" ind1=" " ind2=" ">
      <subfield code="a">volume</subfield>
      <subfield code="b">nc</subfield>
      <subfield code="2">rdacarrier</subfield>
   </datafield>
   <datafield tag="500" ind1=" " ind2=" ">
      <subfield code="a">On cover: "A Northern Alberta Development Council position paper 1991"</subfield>
   </datafield>
   <datafield tag="596" ind1=" " ind2=" ">
      <subfield code="a">28</subfield>
   </datafield>
   <datafield tag="650" ind1=" " ind2="0">
      <subfield code="a">Mental health services</subfield>
      <subfield code="z">Alberta, Northern.</subfield>
   </datafield>
   <datafield tag="650" ind1=" " ind2="0">
      <subfield code="a">Mental health planning</subfield>
      <subfield code="z">Alberta, Northern.</subfield>
   </datafield>
   <datafield tag="650" ind1=" " ind2="0">
      <subfield code="a">Mental health policy</subfield>
      <subfield code="z">Alberta, Northern.</subfield>
   </datafield>
   <datafield tag="710" ind1="2" ind2=" ">
      <subfield code="a">Northern Alberta Development Council.</subfield>
   </datafield>
   <datafield tag="740" ind1="0" ind2=" ">
      <subfield code="a">Northern Alberta Development Council position paper.</subfield>
   </datafield>
   <datafield tag="926" ind1=" " ind2=" ">
      <subfield code="a">GPRC_GP</subfield>
      <subfield code="b">ON_SHELF</subfield>
      <subfield code="c">RA 790.7 .C2 M472</subfield>
      <subfield code="d">BOOK</subfield>
      <subfield code="f">1</subfield>
   </datafield>
</record>
